<record xmlns:xsi="http://www.w3.org/2001/XMLSchema-instance" xmlns="http://www.loc.gov/MARC21/slim" xsi:schemaLocation="http://www.loc.gov/MARC21/slim http://www.loc.gov/standards/marcxml/schema/MARC21slim.xsd">

  <leader>00951nam a2200229   4500</leader>
  <controlfield tag="008">161018b2015    cr ||||| |||| 00| | spa d</controlfield>
  <datafield ind2=" " ind1=" " tag="090">
    <subfield code="a">06.04.12 </subfield>
    <subfield code="b">2238 </subfield>
  </datafield>
  <datafield ind2=" " ind1="1" tag="100">
    <subfield code="9">746</subfield>
    <subfield code="a">Vargas Sandoval, Yensi</subfield>
  </datafield>
  <datafield ind2="0" tag="245" ind1="1">
    <subfield code="a">Modelo de seguimiento a estudiantes que se benefician del Programa Avancemos /</subfield>
    <subfield code="c"> Yensi Vargas Sandoval; Marianela González Zúñiga; Silvia Camacho Calvo; Clyde Caldwell Bermúdez</subfield>
  </datafield>
  <datafield tag="260" ind1=" " ind2=" ">
    <subfield code="a">[San José, Costa Rica] : </subfield>
    <subfield code="b">INIE,</subfield>
    <subfield code="c">2015.</subfield>
  </datafield>
  <datafield ind2=" " ind1=" " tag="300">
    <subfield code="a">1 volumen (en varias paginaciones) </subfield>
  </datafield>
  <datafield ind2=" " tag="500" ind1=" ">
    <subfield code="a">Informe final proyecto de investigación No. 724-B3-312.</subfield>
  </datafield>
  <datafield ind1="2" tag="610" ind2="0">
    <subfield code="9">2097</subfield>
    <subfield code="a">INSTITUTO MIXTO DE AYUDA SOCIAL</subfield>
  </datafield>
  <datafield ind1="1" tag="650" ind2="4">
    <subfield code="9">2095</subfield>
    <subfield code="a">ASISTENCIA ESCOLAR</subfield>
  </datafield>
  <datafield ind2="4" tag="650" ind1="1">
    <subfield code="9">2096</subfield>
    <subfield code="a">PROGRAMA AVANCEMOS</subfield>
  </datafield>
  <datafield ind1="1" tag="650" ind2="4">
    <subfield code="9">456</subfield>
    <subfield code="a">EDUCACIÓN SECUNDARIA</subfield>
  </datafield>
  <datafield ind2="4" tag="650" ind1="1">
    <subfield code="9">969</subfield>
    <subfield code="a">EVALUACIÓN DE PROGRAMAS</subfield>
  </datafield>
  <datafield ind2=" " tag="700" ind1="1">
    <subfield code="9">110</subfield>
    <subfield code="a">González Zúñiga, Marianela</subfield>
  </datafield>
  <datafield ind1="1" tag="700" ind2=" ">
    <subfield code="9">1387</subfield>
    <subfield code="a">Camacho Calvo, Silvia</subfield>
  </datafield>
  <datafield ind2=" " ind1="1" tag="700">
    <subfield code="9">728</subfield>
    <subfield code="a">Caldwell Bermúdez, Clyde</subfield>
  </datafield>
  <datafield ind1=" " tag="942" ind2=" ">
    <subfield code="2">z</subfield>
    <subfield code="c">04</subfield>
  </datafield>
  <datafield ind2=" " ind1=" " tag="999">
    <subfield code="c">3346</subfield>
    <subfield code="d">3346</subfield>
  </datafield>
</record>